<?xml version="1.0" encoding="UTF-8"?><collection xmlns="http://www.loc.gov/MARC21/slim"><record><leader>00349nam--2200145-i-4500</leader><controlfield tag="001">000003745</controlfield><controlfield tag="002">20161230</controlfield><controlfield tag="005">20170210130059</controlfield><controlfield tag="008">060222s1000------------r-----000-0-eng-d</controlfield><datafield ind1=" " ind2=" " tag="100"><subfield code="a">Brans, P. H</subfield></datafield><datafield ind1=" " ind2=" " tag="245"><subfield code="a">Vade-Mecum, 1950. 8th edition</subfield></datafield><datafield ind1=" " ind2=" " tag="260"><subfield code="a">Anvers</subfield><subfield code="b">Ltd.Antwerp</subfield><subfield code="c">1950</subfield></datafield><datafield ind1=" " ind2=" " tag="300"><subfield code="a">507 p</subfield></datafield><datafield ind1=" " ind2=" " tag="852"><subfield code="a">621.385</subfield></datafield><datafield ind1=" " ind2=" " tag="CAT"><subfield code="a">SYS</subfield><subfield code="c">20170210</subfield><subfield code="h">130059</subfield></datafield></record></collection>